% Ouvrage utilisés par Alexandre Lepage et Amédéo Zito% Dans le cadre du cours @article{intact2018,author = {Intact},publisher = {Intact Financial Corporation},title = {2018 Annual Report},url = "https://s1.q4cdn.com/321139868/files/doc_financials/annual/2018/v2/8101_Intact_AR_Final_Linked.pdf",year = {2018}}